<record><leader>00000cas a22000007a 4500</leader><controlfield tag="001">32706314</controlfield><controlfield tag="008">950623c19uu9999wauuu ne      0    0chi d</controlfield><datafield ind1=" " ind2=" " tag="010"><subfield code="a">sn 95061626 </subfield></datafield><datafield ind1=" " ind2=" " tag="040"><subfield code="a">CUY</subfield><subfield code="b">eng</subfield><subfield code="c">CNK</subfield><subfield code="d">OCLCQ</subfield><subfield code="d">OCLCO</subfield></datafield><datafield ind1="1" ind2=" " tag="029"><subfield code="a">AU@</subfield><subfield code="b">000015611441</subfield></datafield><datafield ind1=" " ind2=" " tag="042"><subfield code="a">msc</subfield></datafield><datafield ind1=" " ind2=" " tag="043"><subfield code="a">n-us-wa</subfield></datafield><datafield ind1="0" ind2="0" tag="245"><subfield code="a">Ya Mei shang bao =</subfield><subfield code="b">Asia America business journal.</subfield></datafield><datafield ind1="3" ind2="1" tag="246"><subfield code="a">Asia America business journal</subfield></datafield><datafield ind1=" " ind2=" " tag="260"><subfield code="a">Seattle, WA :</subfield><subfield code="b">America Pacific Marketing</subfield></datafield><datafield ind1=" " ind2=" " tag="300"><subfield code="a">v.</subfield></datafield><datafield ind1=" " ind2=" " tag="588"><subfield code="a">Description based on: No. 60 (Sept. 1993).</subfield></datafield><datafield ind1=" " ind2="0" tag="650"><subfield code="a">Business</subfield><subfield code="v">Newspapers.</subfield></datafield><datafield ind1=" " ind2="0" tag="650"><subfield code="a">Chinese newspapers</subfield><subfield code="z">Washington</subfield><subfield code="z">Seattle.</subfield></datafield><datafield ind1=" " ind2="0" tag="651"><subfield code="a">Seattle (Wash.)</subfield><subfield code="v">Newspapers.</subfield></datafield><datafield ind1=" " ind2=" " tag="752"><subfield code="a">United States</subfield><subfield code="b">Washington</subfield><subfield code="c">King</subfield><subfield code="d">Seattle.</subfield></datafield></record>